
@article{wang_user_2017,
	title = {A user requirement driven framework for collaborative design knowledge management},
	volume = {33},
	issn = {14740346},
	url = {http://linkinghub.elsevier.com/retrieve/pii/S1474034616303706},
	doi = {10.1016/j.aei.2017.04.002},
	language = {en},
	urldate = {2017-11-27},
	journal = {Advanced Engineering Informatics},
	author = {Wang, Yahui and Yu, Suihuai and Xu, Ting},
	month = aug,
	year = {2017},
	pages = {16--28}
}