%% This BibTeX bibliography file was created using BibDesk.
%% http://bibdesk.sourceforge.net/

%% Saved with string encoding Unicode (UTF-8) 



@book{allan_learning_2010,
	Abstract = {With this guide, you'll build several sample applications by learning how to use Xcode tools, the Objective-C programming language, and the core frameworks.},
	Address = {Sebastopol, CA},
	Author = {Allan, Alasdair},
	Isbn = {978-1-4493-8005-2 978-1-4493-8921-5 978-1-4493-8877-5},
	Language = {English},
	Note = {OCLC: 608305607},
	Publisher = {O'Reilly},
	Title = {Learning iphone programming},
	Url = {http://search.ebscohost.com/login.aspx?direct=true&scope=site&db=nlebk&db=nlabk&AN=415472},
	Urldate = {2017-11-01},
	Year = {2010},
	Bdsk-Url-1 = {http://search.ebscohost.com/login.aspx?direct=true&scope=site&db=nlebk&db=nlabk&AN=415472}}

@book{weyl_mobile_2014,
	Author = {Weyl, Estelle},
	Isbn = {978-1-4919-4889-7},
	Language = {English},
	Note = {OCLC: 929738574},
	Title = {Mobile {Html}5},
	Url = {http://0-site.ebrary.com.fama.us.es/lib/unisev/Doc?id=10803026},
	Urldate = {2017-11-01},
	Year = {2014},
	Bdsk-Url-1 = {http://0-site.ebrary.com.fama.us.es/lib/unisev/Doc?id=10803026}}

@book{pilone_head_2014,
	Abstract = {Provides information on using iOS 7 and Xcode 5 tools to create applications for the iPhone and the iPad.},
	Author = {Pilone, Tracey and Pilone, Dan and Pilone, Paul and McLaughlin, Brett},
	Isbn = {978-1-4919-5009-8 978-1-4493-1657-0},
	Language = {English},
	Note = {OCLC: 868925289},
	Title = {Head first {iPhone} and {iPad} development},
	Url = {http://alltitles.ebrary.com/Doc?id=10819845},
	Urldate = {2017-11-01},
	Year = {2014},
	Bdsk-Url-1 = {http://alltitles.ebrary.com/Doc?id=10819845}}

@book{rideout_iphone_2010,
	Address = {Beijing ; Sebastopol, CA},
	Annote = {Includes index},
	Author = {Rideout, Philip},
	Edition = {1st ed},
	Isbn = {978-0-596-80482-4},
	Keywords = {iPhone (Smartphone), OpenGL, Programming},
	Note = {OCLC: ocn503640640},
	Publisher = {O'Reilly},
	Shorttitle = {{iPhone} 3D programming},
	Title = {{iPhone} 3D programming: developing graphical applications with {OpenGL} {ES}},
	Year = {2010}}

@book{stark_building_2010,
	Abstract = {dawsonera.com: Direct access to your library's ebook collection},
	Author = {Stark, Jonathan},
	Date-Modified = {2017-11-08 22:04:59 +0000},
	File = {Snapshot:/Users/Dre/Zotero/storage/I2AT3ULT/9781449389000.html:text/html},
	Isbn = {978-1-4493-8900-0},
	Publisher = {O`Reilly},
	Title = {Building {iPhone} apps with {HTML}, {CSS}, and {JavaScript}},
	Url = {https://www.dawsonera.com/abstract/9781449389000},
	Urldate = {2017-11-08},
	Year = {2010},
	Bdsk-Url-1 = {https://www.dawsonera.com/abstract/9781449389000}}

@book{firtman_programming_2013,
	Abstract = {dawsonera.com: Direct access to your library's ebook collection},
	Author = {Firtman, Maximiliano},
	Date-Modified = {2017-11-08 22:05:20 +0000},
	File = {Snapshot:/Users/Dre/Zotero/storage/USQMHEZK/9781449335632.html:text/html},
	Isbn = {978-1-4493-3563-2},
	Publisher = {O`Reilly},
	Title = {Programming the {Mobile} {Web}},
	Url = {https://www.dawsonera.com/abstract/9781449335632},
	Urldate = {2017-11-08},
	Year = {2013},
	Bdsk-Url-1 = {https://www.dawsonera.com/abstract/9781449335632}}
