%% This BibTeX bibliography file was created using BibDesk.
%% http://bibdesk.sourceforge.net/

%% Created for Andreas Pavlou at 2017-11-02 17:36:20 +0000 


%% Saved with string encoding Unicode (UTF-8) 



@inproceedings{velki_empirical_2017,
	Author = {Velki, T. and Solic, K. and Gorjanac, V. and Nenadic, K.},
	Doi = {10.23919/MIPRO.2017.7973620},
	Isbn = {978-953-233-090-8},
	Month = may,
	Pages = {1280--1284},
	Publisher = {IEEE},
	Title = {Empirical study on the risky behavior and security awareness among secondary school pupils - validation and preliminary results},
	Url = {http://ieeexplore.ieee.org/document/7973620/},
	Urldate = {2017-10-26},
	Year = {2017},
	Bdsk-Url-1 = {http://ieeexplore.ieee.org/document/7973620/},
	Bdsk-Url-2 = {http://dx.doi.org/10.23919/MIPRO.2017.7973620}}

@inproceedings{dhir_ubiquitous_2013,
	Author = {Dhir, Amandeep and Al-kahtani, Mohammed},
	Doi = {10.1109/ISTAS.2013.6613111},
	Isbn = {978-1-4799-0929-2 978-1-4799-1242-1},
	Month = jun,
	Pages = {126--135},
	Publisher = {IEEE},
	Shorttitle = {Ubiquitous computing for teenagers},
	Title = {Ubiquitous computing for teenagers: {A} new perspective on child-computer interaction},
	Url = {http://ieeexplore.ieee.org/document/6613111/},
	Urldate = {2017-10-26},
	Year = {2013},
	Bdsk-Url-1 = {http://ieeexplore.ieee.org/document/6613111/},
	Bdsk-Url-2 = {http://dx.doi.org/10.1109/ISTAS.2013.6613111}}

@inproceedings{masrom_ethical_2012,
	Author = {Masrom, M. and Mahmood, N. H. N. and Zainon, O. and {Hooi Lai Wan} and Jamal, N.},
	Doi = {10.1109/SHUSER.2012.6268850},
	Isbn = {978-1-4673-1310-0 978-1-4673-1311-7 978-1-4673-1309-4},
	Month = jun,
	Pages = {185--189},
	Publisher = {IEEE},
	Title = {Ethical issues in the use of information and communication technology in {Malaysian} primary schools},
	Url = {http://ieeexplore.ieee.org/document/6268850/},
	Urldate = {2017-10-26},
	Year = {2012},
	Bdsk-Url-1 = {http://ieeexplore.ieee.org/document/6268850/},
	Bdsk-Url-2 = {http://dx.doi.org/10.1109/SHUSER.2012.6268850}}

@inproceedings{faliagka_teenagers_2011,
	Author = {Faliagka, Evanthia and Tsakalidis, Athanasios and Vaikousi, Danae},
	Doi = {10.1109/PCI.2011.17},
	Isbn = {978-1-61284-962-1},
	Month = sep,
	Pages = {207--211},
	Publisher = {IEEE},
	Shorttitle = {Teenagers' {Use} of {Social} {Network} {Websites} and {Privacy} {Concerns}},
	Title = {Teenagers' {Use} of {Social} {Network} {Websites} and {Privacy} {Concerns}: {A} {Survey}},
	Url = {http://ieeexplore.ieee.org/document/6065052/},
	Urldate = {2017-10-26},
	Year = {2011},
	Bdsk-Url-1 = {http://ieeexplore.ieee.org/document/6065052/},
	Bdsk-Url-2 = {http://dx.doi.org/10.1109/PCI.2011.17}}

@inproceedings{kurkovsky_digital_2010,
	Author = {Kurkovsky, Stan and Syta, Ewa},
	Doi = {10.1109/ISTAS.2010.5514610},
	Isbn = {978-1-4244-7777-7},
	Month = jun,
	Pages = {441--449},
	Publisher = {IEEE},
	Shorttitle = {Digital natives and mobile phones},
	Title = {Digital natives and mobile phones: {A} survey of practices and attitudes about privacy and security},
	Url = {http://ieeexplore.ieee.org/document/5514610/},
	Urldate = {2017-10-26},
	Year = {2010},
	Bdsk-Url-1 = {http://ieeexplore.ieee.org/document/5514610/},
	Bdsk-Url-2 = {http://dx.doi.org/10.1109/ISTAS.2010.5514610}}

@article{flavian_consumer_2006,
	Author = {Flavi{\'a}n, Carlos and Guinal{\'\i}u, Miguel},
	Doi = {10.1108/02635570610666403},
	Issn = {0263-5577},
	Journal = {Industrial Management \& Data Systems},
	Language = {en},
	Month = jun,
	Number = {5},
	Pages = {601--620},
	Shorttitle = {Consumer trust, perceived security and privacy policy},
	Title = {Consumer trust, perceived security and privacy policy: {Three} basic elements of loyalty to a web site},
	Url = {http://www.emeraldinsight.com/doi/10.1108/02635570610666403},
	Urldate = {2017-10-26},
	Volume = {106},
	Year = {2006},
	Bdsk-Url-1 = {http://www.emeraldinsight.com/doi/10.1108/02635570610666403},
	Bdsk-Url-2 = {http://dx.doi.org/10.1108/02635570610666403}}

@book{stark_building_2011,
	Abstract = {What people are saying about Building iPhone Apps w/ HTML, CSS, and JavaScript"The future of mobile development is clearly web technologies like CSS, HTML and JavaScript. Jonathan Stark shows you how to leverage your existing web development skills to build native iPhone applications using these technologies."--John Allsopp, author and founder of Web Directions"Jonathan's book is the most comprehensive documentation available for developing web applications for mobile Safari. Not just great tech coverage, this book is an easy read of purely fascinating mobile tidbits in a fun colloquial style. Must have for all PhoneGap developers."--Brian LeRoux, Nitobi SoftwareIt's a fact: if you know HTML, CSS, and JavaScript, you already have the tools you need to develop your own iPhone apps. With this book, you'll learn how to use these open source web technologies to design and build apps for the iPhone and iPod Touch on the platform of your ...},
	Author = {Stark, Jonathan},
	Isbn = {978-1-4493-8900-0 978-1-4493-8291-9},
	Language = {English},
	Note = {OCLC: 856415900},
	Shorttitle = {Building iphone apps with html, css, and javascript},
	Title = {Building iphone apps with html, css, and javascript: {Making} {App} {Store} {Apps} {Without} {Objective}-{C} or {Cocoa}.},
	Year = {2011}}

@book{firtman_programming_2013,
	Address = {Beijing; Sebastopol, CA},
	Author = {Firtman, Maximiliano R},
	Isbn = {978-1-4493-3563-2 978-1-4493-3559-5 978-1-4493-3562-5},
	Language = {English},
	Note = {OCLC: 828929333},
	Publisher = {O'Reilly},
	Title = {Programming the mobile web},
	Url = {http://search.ebscohost.com/login.aspx?direct=true&scope=site&db=nlebk&db=nlabk&AN=550361},
	Urldate = {2017-11-01},
	Year = {2013},
	Bdsk-Url-1 = {http://search.ebscohost.com/login.aspx?direct=true&scope=site&db=nlebk&db=nlabk&AN=550361}}

@book{allan_learning_2010,
	Abstract = {With this guide, you'll build several sample applications by learning how to use Xcode tools, the Objective-C programming language, and the core frameworks.},
	Address = {Sebastopol, CA},
	Author = {Allan, Alasdair},
	Isbn = {978-1-4493-8005-2 978-1-4493-8921-5 978-1-4493-8877-5},
	Language = {English},
	Note = {OCLC: 608305607},
	Publisher = {O'Reilly},
	Title = {Learning iphone programming},
	Url = {http://search.ebscohost.com/login.aspx?direct=true&scope=site&db=nlebk&db=nlabk&AN=415472},
	Urldate = {2017-11-01},
	Year = {2010},
	Bdsk-Url-1 = {http://search.ebscohost.com/login.aspx?direct=true&scope=site&db=nlebk&db=nlabk&AN=415472}}

@book{weyl_mobile_2014,
	Author = {Weyl, Estelle},
	Isbn = {978-1-4919-4889-7},
	Language = {English},
	Note = {OCLC: 929738574},
	Title = {Mobile {Html}5},
	Url = {http://0-site.ebrary.com.fama.us.es/lib/unisev/Doc?id=10803026},
	Urldate = {2017-11-01},
	Year = {2014},
	Bdsk-Url-1 = {http://0-site.ebrary.com.fama.us.es/lib/unisev/Doc?id=10803026}}

@book{pilone_head_2014,
	Abstract = {Provides information on using iOS 7 and Xcode 5 tools to create applications for the iPhone and the iPad.},
	Author = {Pilone, Tracey and Pilone, Dan and Pilone, Paul and McLaughlin, Brett},
	Isbn = {978-1-4919-5009-8 978-1-4493-1657-0},
	Language = {English},
	Note = {OCLC: 868925289},
	Title = {Head first {iPhone} and {iPad} development},
	Url = {http://alltitles.ebrary.com/Doc?id=10819845},
	Urldate = {2017-11-01},
	Year = {2014},
	Bdsk-Url-1 = {http://alltitles.ebrary.com/Doc?id=10819845}}

@book{rideout_iphone_2010,
	Address = {Beijing ; Sebastopol, CA},
	Annote = {Includes index},
	Author = {Rideout, Philip},
	Edition = {1st ed},
	Isbn = {978-0-596-80482-4},
	Keywords = {iPhone (Smartphone), OpenGL, Programming},
	Note = {OCLC: ocn503640640},
	Publisher = {O'Reilly},
	Shorttitle = {{iPhone} 3D programming},
	Title = {{iPhone} 3D programming: developing graphical applications with {OpenGL} {ES}},
	Year = {2010}}

@misc{noauthor_talking_nodate,
	Author = {Logan},
	Date-Modified = {2017-11-02 17:11:57 +0000},
	File = {Talking about "The App Generation" | Amplify:/Users/Dre/Zotero/storage/VHW2IDFK/howard-gardner-talks-about-the-app-generation.pdf:application/pdf},
	Title = {Talking about "{The} {App} {Generation}" {\textbar} {Amplify}},
	Url = {https://www.amplify.com/viewpoints/howard-gardner-talks-about-the-app-generation},
	Urldate = {2017-11-02},
	Year = {2017},
	howpublished = "\url{https://www.amplify.com/viewpoints/howard-gardner-talks-about-the-app-generation}"},
	Bdsk-Url-1 = {https://www.amplify.com/viewpoints/howard-gardner-talks-about-the-app-generation}}

@article{association_number_2014,
	Abstract = {Poll finds 35\% of 11- to 17-year-olds bullied online, as fears grow over number of young teenagers using dating app Tinder},
	Author = {Guardian},
	Chapter = {Society},
	Date-Modified = {2017-11-02 17:36:19 +0000},
	File = {Snapshot:/Users/Dre/Zotero/storage/YGMZHCUD/35pc-children-teenagers-victims-cyberbullying-fears-grooming-tinder-snapchat.html:text/html},
	Issn = {0261-3077},
	Journal = {The Guardian},
	Keywords = {Apps, Bullying, Children, Cyberbullying, Internet, Snapchat, Society, Technology, UK news},
	Language = {en-GB},
	Month = nov,
	Title = {Number of children who are victims of cyberbullying doubles in a year},
	Url = {http://www.theguardian.com/society/2014/nov/14/35pc-children-teenagers-victims-cyberbullying-fears-grooming-tinder-snapchat},
	Urldate = {2017-11-02},
	Year = {2014},
	howpublished = "\url{https://www.theguardian.com/society/2014/nov/14/35pc-children-teenagers-victims-cyberbullying-fears-grooming-tinder-snapchat}"},
	Bdsk-Url-1 = {http://www.theguardian.com/society/2014/nov/14/35pc-children-teenagers-victims-cyberbullying-fears-grooming-tinder-snapchat}}
	

@misc{street_mobile_2017,
	Abstract = {Americans today are increasingly connected to the world of digital information while ``on the go'' via smartphones, tablets and other mobile devices. Explore the latest patterns, trends and statistics that have shaped the mobile revolution.},
	Author = {Street},
	Date-Modified = {2017-11-02 17:14:28 +0000},
	File = {Snapshot:/Users/Dre/Zotero/storage/JTTZE59N/mobile.html:text/html},
	Journal = {Pew Research Center: Internet, Science \& Tech},
	Month = jan,
	Title = {Mobile {Fact} {Sheet}},
	Url = {http://www.pewinternet.org/fact-sheet/mobile/},
	Urldate = {2017-11-02},
	Year = {2017},
	howpublished = "\url{http://www.pewinternet.org/fact-sheet/mobile/}"},
	Bdsk-Url-1 = {http://www.pewinternet.org/fact-sheet/mobile/}}

@misc{duggan_online_2017,
	Abstract = {Roughly four-in-ten Americans have personally experienced online harassment, and 62\% consider it a major problem.},
	Author = {Duggan, Maeve},
	File = {Snapshot:/Users/Dre/Zotero/storage/58J895YA/online-harassment-2017.html:text/html},
	Journal = {Pew Research Center: Internet, Science \& Tech},
	Month = jul,
	Title = {Online {Harassment} 2017},
	Url = {http://www.pewinternet.org/2017/07/11/online-harassment-2017/},
	Urldate = {2017-11-02},
	Year = {2017},
	howpublished = "\url{http://www.pewinternet.org/2017/07/11/online-harassment-2017/}"},
	Bdsk-Url-1 = {http://www.pewinternet.org/2017/07/11/online-harassment-2017/}}

@webpage{pew_research_2012,
	Abstract = {The Demographics of Social Media Users - 2012},
	Author = {Duggan, Maeve},
	Bdsk-Url-1 = {http://www.nwnjsbdc.com/upload/PIP_SocialMediaUsers\%20Demographics\%202012.pdf},
	Date-Modified = {2017-11-02 17:25:14 +0000},
	File = {Snapshot:/Users/Dre/Zotero/storage/8FVAXL6L/PIP_SocialMediaUsers Demographics 2012.html:text/html},
	Journal = {Pew Research Center: Internet, Science \& Tech},
	Lastchecked = {19/10/17},
	Month = feb,
	Title = {The Demographics of Social Media Users - 2012},
	Url = {http://www.nwnjsbdc.com/upload/PIP_SocialMediaUsers\%20Demographics\%202012.pdf},
	Urldate = {2017-11-02},
	Year = {2012},
	howpublished = "\url{http://www.nwnjsbdc.com/upload/PIP_SocialMediaUsers%20Demographics%202012.pdf}"},
	Bdsk-Url-2 = {http://www.nwnjsbdc.com/upload/PIP_SocialMediaUsers%5C%20Demographics%5C%202012.pdf}}
	
	
